<record><leader>00000cas a22000007a 4500</leader><controlfield tag="001">17937762</controlfield><controlfield tag="008">880511d18431850ohudr ne      0    0eng d</controlfield><datafield ind1=" " ind2=" " tag="010"><subfield code="a">sn 88077411 </subfield></datafield><datafield ind1=" " ind2=" " tag="040"><subfield code="a">ONP</subfield><subfield code="b">eng</subfield><subfield code="c">ONP</subfield><subfield code="d">OCLCQ</subfield><subfield code="d">UBY</subfield><subfield code="d">OCLCQ</subfield><subfield code="d">OCLCF</subfield><subfield code="d">OCLCO</subfield></datafield><datafield ind1=" " ind2=" " tag="042"><subfield code="a">msc</subfield></datafield><datafield ind1=" " ind2=" " tag="043"><subfield code="a">n-us-oh</subfield></datafield><datafield ind1="0" ind2=" " tag="130"><subfield code="a">Evening nonpareil (Cincinnati, Ohio)</subfield></datafield><datafield ind1="1" ind2="0" tag="245"><subfield code="a">Evening nonpareil.</subfield></datafield><datafield ind1="3" ind2="0" tag="246"><subfield code="a">Cincinnati evening nonpariel</subfield></datafield><datafield ind1=" " ind2=" " tag="260"><subfield code="a">Cincinnati [Ohio] :</subfield><subfield code="b">Deffenbaugh, Winchester &amp; Co.,</subfield><subfield code="c">-1850.</subfield></datafield><datafield ind1=" " ind2=" " tag="310"><subfield code="a">Daily</subfield></datafield><datafield ind1="1" ind2=" " tag="362"><subfield code="a">Began in 1843.</subfield></datafield><datafield ind1="0" ind2=" " tag="362"><subfield code="a">-v. 4, no. 30 (Nov. 23, 1850) = whole no. 654.</subfield></datafield><datafield ind1=" " ind2=" " tag="500"><subfield code="a">Published as: Cincinnati evening nonpariel, &lt;May 1&gt;-Nov. 23, 1850.</subfield></datafield><datafield ind1=" " ind2=" " tag="588"><subfield code="a">Description based on: Vol. 2, no. 125 (Sept. 19, 1849).</subfield></datafield><datafield ind1=" " ind2="0" tag="651"><subfield code="a">Cincinnati (Ohio)</subfield><subfield code="v">Newspapers.</subfield></datafield><datafield ind1=" " ind2="7" tag="655"><subfield code="a">Newspapers.</subfield><subfield code="2">fast</subfield><subfield code="0">(OCoLC)fst01423814</subfield></datafield><datafield ind1=" " ind2="7" tag="651"><subfield code="a">Ohio</subfield><subfield code="z">Cincinnati.</subfield><subfield code="2">fast</subfield><subfield code="0">(OCoLC)fst01205142</subfield></datafield><datafield ind1=" " ind2=" " tag="752"><subfield code="a">United States</subfield><subfield code="b">Ohio</subfield><subfield code="c">Hamilton</subfield><subfield code="d">Cincinnati.</subfield></datafield><datafield ind1="0" ind2=" " tag="775"><subfield code="t">Weekly nonpareil and herald</subfield><subfield code="w">(DLC)sn 84028685</subfield></datafield><datafield ind1="0" ind2="0" tag="785"><subfield code="t">Cincinnati daily nonpareil</subfield><subfield code="w">(DLC)sn 85025763</subfield></datafield></record>